<?xml version="1.0" encoding="UTF-8"?>
<record xmlns="http://www.loc.gov/MARC21/slim" xmlns:xsi="http://www.w3.org/2001/XMLSchema-instance" xsi:schemaLocation="http://www.loc.gov/MARC21/slim http://www.loc.gov/standards/marcxml/schema/MARC21slim.xsd">
<leader>00000cam a22      a 4500</leader>
<controlfield tag="001">001682231</controlfield>
<controlfield tag="003">NNU</controlfield>
<controlfield tag="005">20160120175153.0</controlfield>
<controlfield tag="008">960503r19601911iq a          000 0 ara d</controlfield>
<datafield tag="010" ind1=" " ind2=" ">
<subfield code="a">ne 64001155</subfield>
</datafield>
<datafield tag="035" ind1=" " ind2=" ">
<subfield code="a">(OCoLC)64041587</subfield>
<subfield code="z">(OCoLC)214964443</subfield>
</datafield>
<datafield tag="040" ind1=" " ind2=" ">
<subfield code="a">COO</subfield>
<subfield code="b">eng</subfield>
<subfield code="c">COO</subfield>
<subfield code="d">OCLCG</subfield>
<subfield code="d">OCLCF</subfield>
<subfield code="d">OCLCO</subfield>
<subfield code="d">OCLCQ</subfield>
<subfield code="d">NNU</subfield>
</datafield>
<datafield tag="050" ind1=" " ind2="4">
<subfield code="a">QB23</subfield>
<subfield code="b">.N3 1960z</subfield>
</datafield>
<datafield tag="100" ind1="1" ind2=" ">
<subfield code="6">880-01</subfield>
<subfield code="a">Nallino, Carlo Alfonso,</subfield>
<subfield code="d">1872-1938.</subfield>
</datafield>
<datafield tag="245" ind1="1" ind2="0">
<subfield code="6">880-02</subfield>
<subfield code="a">Ilm al-falak ʻinda al-ʻArab fl̄ al-Qurūn al-Wusṭá /</subfield>
<subfield code="c">mulakhkhaṣ al-Muḥāḍarāt allatī alqāhā bil-Jāmiʻah al-Miṣriyah Kārlū Nallīnū.</subfield>
</datafield>
<datafield tag="260" ind1=" " ind2=" ">
<subfield code="6">880-03</subfield>
<subfield code="a">Baghdād :</subfield>
<subfield code="b">Maktabat al Mathanná,</subfield>
<subfield code="c">[196-]</subfield>
</datafield>
<datafield tag="300" ind1=" " ind2=" ">
<subfield code="a">370 pages :</subfield>
<subfield code="b">illustrations ;</subfield>
<subfield code="c">25 cm</subfield>
</datafield>
<datafield tag="336" ind1=" " ind2=" ">
<subfield code="a">text</subfield>
<subfield code="b">txt</subfield>
<subfield code="2">rdacontent</subfield>
</datafield>
<datafield tag="337" ind1=" " ind2=" ">
<subfield code="a">unmediated</subfield>
<subfield code="b">n</subfield>
<subfield code="2">rdamedia</subfield>
</datafield>
<datafield tag="338" ind1=" " ind2=" ">
<subfield code="a">volume</subfield>
<subfield code="b">nc</subfield>
<subfield code="2">rdacarrier</subfield>
</datafield>
<datafield tag="500" ind1=" " ind2=" ">
<subfield code="a">Title on added t.p.: Arabian astronomy, its history during the medieval times, by Carlo Nallino.</subfield>
</datafield>
<datafield tag="534" ind1=" " ind2=" ">
<subfield code="p">Reprint. Originally published:</subfield>
<subfield code="c">Rūmā : al-Jāmiʻah al-Misrīyah, 1911.</subfield>
</datafield>
<datafield tag="650" ind1=" " ind2="0">
<subfield code="a">Astronomy, Arab.</subfield>
</datafield>
<datafield tag="650" ind1=" " ind2="7">
<subfield code="a">Astronomy, Arab.</subfield>
<subfield code="2">fast</subfield>
<subfield code="0">(OCoLC)fst00819764</subfield>
</datafield>
<datafield tag="740" ind1="0" ind2=" ">
<subfield code="a">Arabian astronomy.</subfield>
</datafield>
<datafield tag="880" ind1="1" ind2=" ">
<subfield code="6">100-01/</subfield>
<subfield code="a">نلينو، كارلو،</subfield>
<subfield code="d">1872-1938.</subfield>
</datafield>
<datafield tag="880" ind1="1" ind2="0">
<subfield code="6">245-02/</subfield>
<subfield code="a">‏علم الفلك عند العرب في القرون الوسطى /‏</subfield>
<subfield code="c">‏ملخص المحاضرات اللتى ألقاها بالجامعة المصرية كارلو نلينو.</subfield>
</datafield>
<datafield tag="880" ind1=" " ind2=" ">
<subfield code="6">260-03/</subfield>
<subfield code="a">‏بغداد :‏</subfield>
<subfield code="b">‏مكتبة المثنى،‏</subfield>
<subfield code="c">‏[١٩٦-؟]</subfield>
</datafield>
<datafield tag="OWN" ind1=" " ind2=" ">
<subfield code="a">GENERAL</subfield>
</datafield>
<datafield tag="AVA" ind1=" " ind2=" ">
<subfield code="a">NYU50</subfield>
<subfield code="b">BOBST</subfield>
<subfield code="c">Main Collection</subfield>
<subfield code="d">QB23 .N3</subfield>
<subfield code="e">unavailable</subfield>
<subfield code="t">Unavailable</subfield>
<subfield code="f">1</subfield>
<subfield code="g">1</subfield>
<subfield code="h">N</subfield>
<subfield code="i">0</subfield>
<subfield code="j">MAIN</subfield>
<subfield code="k">0</subfield>
</datafield>
</record>
